@misc{cite0,
	author = {Auteur geeetech.com/wiki},
    title = {Ramps1.4},
   	howpublished = {\url{<http://www.geeetech.com/wiki/index.php/Ramps1.4/>}},
    year = 2014,
    note = "[Online; accessed 16-January-2014]"
}

@misc{cite1,
	author = {Auteur marlinfw.org},
    title = {Marlin Official Site},
   	howpublished = {\url{<https://marlinfw.org/docs/configuration/configuration.html/>}},
    year = 2014,
    note = "[Online; accessed 16-January-2014]"
}

@misc{cite2,
	author = {Auteur  anonyme},
    title = {How to control a stepper motor with A4988 driver and Arduino},
   	howpublished = {\url{<https://www.lesimprimantes3d.fr/forum/topic/18036-probl%C3%A8me-pilotage-axe//>}},
    year = 2018,
    note = "[Online; accessed 16-January-2014]"
}